% 
% Student's bibliography
% EDIT THIS FILE; organize references in some meaningful manner

@Book{Google,
  author    = {Google},
  title     = {Google},
  year      = {2016},
  publisher = {\\ \url{http://www.google.com/}}
}

@Book{Wikipedia,
  author    = {Wikipedia},
  title     = {Wikipedia},
  year      = {2016},
  publisher = {\\ \url{http://www.wikipedia.org/}}
}
