% 
% Instructor's bibliography
% DO NOT EDIT THIS FILE

% Assignment template
@Book{TikZPGF,
  author    = {General public},
  title     = {\TeX\!amples},
  year      = {2014},
  publisher = {\\ \url{http://www.texample.net/tikz/examples/}}
}

@Book{PlanetMath,
  author    = {Unknown author},
  title     = {The Planet Math},
  year      = {2009},
  publisher = {\\ \url{http://planetmath.org/encyclopedia/Sphere.html}}
}

@Book{MathMcMaster,
  author    = {Department of Mathematics and Statistics},
  title     = {McMaster University},
  year      = {2008},
  publisher = {\\ \url{http://www.math.mcmaster.ca/~spiro/teaching/hypersphere.pdf}}
}

@Book{GN2006,
  title     = {Computational Physics},
  author    = {N. Giordano and H. Nakanishi},
  year      = {2006},
  publisher = {Pearson Prentice Hall},
  address   = {Upper Saddle River, NJ, USA}
}

@Article{WC1953,
  author  = {J. D. Watson and F. H. C. Crick},
  title   = "{Molecular Structure Of Nucleic Acids: 
            A Structure For Deoxyribose Nucleic Acid}",
  journal = {Nature},
  year    = {1953},
  volume  = {171},
  pages   = {737}
}

@Article{EPR1935,
  author  = {A. Einstein and B. Podolsky and N. Rosen},
  title   = "{Can Quantum-Mechanical Description of Physical 
            Reality Be Considered Complete?}",
  journal = {Phys. Rev. B},
  year    = {1935},
  volume  = {47},
  pages   = {777}
}

% Apollo Mission project
@Book{Dilbert_20071203_ApolloMission,
  author    = {S. Adams},
  title     = {Dilbert},
  year      = {2007},
  publisher = {\\ \url{http://dilbert.com/strips/comic/2007-12-03/}}
}

@Book{Dilbert_20071205_ApolloTesting,
  author    = {S. Adams},
  title     = {Dilbert},
  year      = {2007},
  publisher = {\\ \url{http://dilbert.com/strips/comic/2007-12-05/}}
}

@Book{KennedyChallenge,
  author    = {J. F. Kennedy},
  title     = {Kennedy Challenge},
  year      = {1961},
  publisher = {\\ \url{http://www.nasa.gov/vision/space/features/jfk\_speech.html}}
}

@Book{Apollo13Movie,
  author    = {The movie},
  title     = {Apollo 13},
  year      = {1995},
  publisher = {\\ \url{http://www.imdb.com/title/tt0112384/}}
}

% Isle Royale National Park project
@Book{VP_2012,
  author    = {J. A. Vucetich and R. O. Peterson},
  title     = "{The Population Biology Of Isle Royale Wolves And Moose: 
                An Overview}",
  year      = {2012},
  publisher = {\\ \url{http://www.isleroyalewolf.org/}}
}

@Article{Verhulst_1838,
  author  = {P. F. Verhulst},
  title   = "{Notice sur la loi que la Population Poursuit dans son Accroissement}",
  journal = {Correspondance math\'{e}matique et physique},
  year    = {1838},
  volume  = {10},
  pages   = {113}
}

@Article{Verhulst_1845,
  author  = {P. F. Verhulst},
  title   = "{Recherches Math\'{e}matiques sur la loi d'accroissement de la 
              Population}",
  journal = {Nouv. m\'{e}m. de l'Academie Royale des Sci. et Belles-Lettres de Bruxelles},
  year    = {1845},
  volume  = {18},
  pages   = {1}
}

@Article{Verhulst_1847,
  author  = {P. F. Verhulst},
  title   = "{Deuxi\`{e}me m\'{e}moire sur la loi d'accroissement de la 
              Population}",
  journal = {M\'{e}m. de l'Academie Royale des Sci., des Lettres et des 
             Beaux-Arts de Belgique},
  year    = {1847},
  volume  = {20},
  pages   = {1}
}

@Article{Lotka_1910,
  author  = {A. J. Lotka},
  title   = "{Contribution To The Theory Of Periodic Reaction}",
  journal = {Journal of Physical Chemistry},
  year    = {1910},
  volume  = {14},
  pages   = {271}
}

@Article{Lotka_1920,
  author  = {A. J. Lotka},
  title   = "{Analytical Note On Certain Rhythmic Relations In Organic Systems}",
  journal = {Proceedings of the National Academy of Sciences},
  year    = {1920},
  volume  = {6},
  pages   = {410}
}

@Article{Volterra_1926,
  author  = {V. Volterra},
  title   = "{Variazioni e fluttuazioni del numero dâ€™individui in specie animali conviventi}",
  journal = {Mem. Accademia dei Lincei Roma},
  year    = {1926},
  volume  = {2},
  pages   = {31}
}

@Book{Volterra_1931,
  author    = {V. Volterra},
  title     = "{Variations And Fluctuations Of The Number Of Individuals In Animal Species Living Together In Animal Ecology}",
  publisher = {McGraw-Hill},
  year      = {1931}
}

@Article{Freedman_1980,
  author  = {H. I. Freedman},
  title   = "{Deterministic Mathematical Models In Population Ecology}",
  journal = {Canadian Journal of Statistics},
  year    = {1980},
  volume  = {10},
  pages   = {315},
  doi     = {10.2307/3556198}
}

@Article{BC_2003,
  author  = {F. Brauer and C. Castillo-Chavez},
  title   = "{Mathematical Models In Population Biology And Epidemiology}",
  journal = {The American Mathematical Monthly},
  year    = {2003},
  volume  = {110},
  pages   = {254},
  doi     = {10.2307/3647954}
}

@Article{RA_2004,
  author  = {A. F. Rozenfeld and E. V. Albano},
  title   = "{A Self-Organized System Of Smart Preys And Predators}",
  journal = {Physical Letters A},
  year    = {2004},
  volume  = {332},
  pages   = {361}
}

@Article{Solis_2007,
  author  = {F. J. Solis},
  title   = "{Self-Limitation In A Discrete Predator-Prey Model}",
  journal = {Mathematical and Computer Modelling},
  year    = {2008},
  volume  = {48},
  pages   = {191}
}

@Book{KenBurns_2009,
  author    = {K. Burns},
  title     = {The National Parks, America's Best Idea},
  year      = {2009},
  publisher = {PBS}
}

% Assignments handed out to students (alphabetical)
@Misc{ComputerHistoryMuseum,
  author = {Computer History Museum},
  note   = {\\ 1401 N. Shoreline Blvd., Mountain View, CA 94043 \\ \url{http://www.computerhistory.org/}}
}

@Misc{Git,
  author = {Git},
  note   = {\\ \url{https://git-scm.com/} $|$ \url{https://git-scm.com/doc/}}
}

@Misc{GitHub,
  author = {GitHub},
  note   = {\\ \url{https://github.com/} $|$ \url{https://education.github.com/}}
}

@Misc{IEEE754,
  author = {IEEE 754: Standard For Binary Floating-Point Arithmetic},
  note   = {\\ \url{http://grouper.ieee.org/groups/754/}}
}

@Misc{IRNP,
  author = {Isle Royale National Park},
  note   = {\\ \url{http://www.nps.gov/isro/}}
}

@Misc{MTU,
  author = {Michigan Technological University},
  note   = {\\ \url{http://www.mtu.edu/}}
}

@Misc{NOAA,
  author = {National Oceanic And Atmospheric Administration},
  note   = {\\ \url{http://www.noaa.gov/}}
}

@Misc{NPS,
  author = {National Park Service},
  note   = {\\ \url{http://www.nps.gov/}}
}

@Misc{NSF,
  author = {National Science Foundation},
  note   = {\\ \url{http://www.nsf.gov/}}
}

@Misc{SiliconValley,
  author = {Silicon Valley},
  note   = {\\ \url{http://video.pbs.org/video/2332168287/}}
}

@Misc{USCensusBureau,
  author = {US Census Bureau},
  note   = {\\ \url{https://www.census.gov/}}
}

@Misc{USDOE,
  author = {US Department of Energy},
  note   = {\\ \url{http://www.energy.gov/}}
}

% National labs
@Misc{ANL,
  author = {Argonne National Laboratory},
  note   = {\\ \url{http://www.anl.gov/}}
}

@Misc{ORNL,
  author = {Oak Ridge National Laboratory},
  note   = {\\ \url{http://www.ornl.gov/}}
}

@Misc{LLNL,
  author = {Lawrence Livermore National Laboratory},
  note   = {\\ \url{http://www.llnl.gov/}}
}

% Federal regulations/compliance guidelines
@Misc{EAR,
  author = {Export Administration Regulations (1979)},
  note   = {\\ \url{http://www.bis.doc.gov/index.php/regulations/export-administration-regulations-ear}}
}

@Misc{FERPA,
  author = {Family Educational Rights And Privacy Act (2007)},
  note   = {\\ \url{http://www2.ed.gov/policy/gen/guid/fpco/ferpa/}}
}

@Misc{FISMA,
  author = {Federal Information Security Management Act (2002)},
  note   = {\\ \url{http://www.dhs.gov/fisma}}
}

@Misc{GLBA,
  author = {Gramm-Leach-Bliley Act (2003)},
  note   = {\\ \url{https://www.fdic.gov/regulations/compliance/manual/8/VIII-1.1.pdf}}
}

@Misc{HIPAA,
  author = {Health Information Portability And Accountability Act (1996)},
  note   = {\\ \url{http://www.hhs.gov/ocr/privacy/}}
}

@Misc{HITECH,
  author = {Health IT for Economic And Clinical Health Act (2009)},
  note   = {\\ \url{http://www.healthit.gov/policy-researchers-implementers/health-it-legislation}}
}

@Misc{ITAR,
  author = {International Traffic In Arms Regulations (1976)},
  note   = {\\ \url{https://www.pmddtc.state.gov/regulations_laws/itar.html}}
}

@Misc{PCI_DSS,
  author = {Payment Card Industry Data Security Standard (2007)},
  note   = {\\ \url{https://www.pcisecuritystandards.org/security\_standards/}}
}

@Misc{RFR,
  author = {Red Flags Rule (2010)},
  note   = {\\ \url{http://www.ftc.gov/tips-advice/business-center/privacy-and-security/red-flags-rule}}
}

@Misc{PartitionWiki,
  author = {Partition (Wikipedia)},
  note   = {\\ \url{https://en.wikipedia.org/wiki/Partition\_(number\_theory)}}
}

@Misc{PartitionWolfram,
  author = {Partition (Wolfram)},
  note   = {\\ \url{http://mathworld.wolfram.com/PartitionFunctionP.html}}
}

@Misc{Gnuplot1,
  author = {Gnuplot Official Website},
  note   = {\\ \url{http://www.gnuplot.info/}}
}

@Misc{Gnuplot2,
  author = {Not So Frequently Asked Questions in Gnuplot},
  note   = {\\ \url{http://lowrank.net/gnuplot/index-e.html}}
}

@Misc{Gnuplot3,
  author = {Scientific Plots Using Gnuplot},
  note   = {\\ \url{http://www.gnuplotting.org/}}
}

@Book{JackDaniels_1998,
  author    = {J. Daniels},
  title     = {Running Formula},
  year      = {1998},
  publisher = {Human Kinetics Publishers}
}

@Article{Menabrea_1842,
  author  = {L. F. Menabrea},
  title   = "{Sketch Of The Analytical Engine Invented By Charles Babbage}",
  journal = {Biblioth\'{e}que Universelle de Gen\'{e}ve},
  year    = {1842},
  number  = {82},
}
% volume  = {},
% notes   = {\\ \url{http://www.fourmilab.ch/babbage/sketch.html}}

@Article{Ada_1843,
  author  = {A. Lovelace},
  title   = "{Tranlslator Notes For Sketch Of The Analytical Engine Invented By Charles Babbage}",
  journal = {Scientific Memoirs},
  year    = {1843},
  volume  = {3}
}
% pages   = {},

@Misc{ChristopherSchwartz_20161013,
  author = {Dr. Christopher Schwartz},
  note   = {\\ Lecturer, Kinesiology and Integrative Physiology, Michigan Tech \\ Discussions on and off campus on 13th October 2016}
}

@Misc{AllenCurran_2016101314,
  author = {Dr. Allen Curran},
  note   = {\\ Chief Technology Officer, ThermoAnalytics, Inc. \\ Discussions in Keweenaw Brewing Company on 13th and 14th October 2016}
}

@Misc{RobertHandler_2016101314,
  author = {Dr. Robert Handler},
  note   = {\\ Adj. Asst. Professor, Civil and Environmental Engineering, Michigan Tech \\ Operations Manager, Sustainable Futures Institute, Michigan Tech \\ Discussions on and off campus on 13th and 14th October 2016 \\ Provided the Moscow Mule mug for measurements}
}

@Misc{ChristineHandler_20161015,
  author = {Christine Handler},
  note   = {\\ Environmental Coordinator, US Forest Service \\ Discussions off campus on 15th October 2016 \\ Provided another Moscow Mule mug for a second independent measurement}
}

@Misc{NASA,
  author = {National Aeronautics and Space Administration},
  note   = {\\ \url{http://www.nasa.gov/}}
}

@Book{TheMartian,
  author    = {A. Weir},
  title     = {The Martian},
  year      = {2011},
  publisher = {Crown Publishing}
}

@Misc{YouTube_SC_01,
  author = {Impact of Supercomputing: Introduction},
  note   = {\\ \url{https://www.youtube.com/watch?v=9m0gZ2Gft4Q}}
}

@Misc{YouTube_SC_02,
  author = {Impact of Supercomputing: Aerospace},
  note   = {\\ \url{https://www.youtube.com/watch?v=jhApQIPQquw}}
}

@Misc{YouTube_SC_03,
  author = {Impact of Supercomputing: Batteries},
  note   = {\\ \url{https://www.youtube.com/watch?v=1o4YViBAGU0}}
}

@Misc{YouTube_SC_04,
  author = {Impact of Supercomputing: Climate Modeling},
  note   = {\\ \url{https://www.youtube.com/watch?v=RSQg_URCHKI}}
}

@Misc{YouTube_SC_05,
  author = {Impact of Supercomputing: Diapers \& Detergents},
  note   = {\\ \url{https://www.youtube.com/watch?v=PuCx50FdSic}}
}

@Misc{YouTube_SC_06,
  author = {Impact of Supercomputing: Entertainment},
  note   = {\\ \url{https://www.youtube.com/watch?v=-7Bpo1Quxyw}}
}

@Misc{YouTube_SC_07,
  author = {Impact of Supercomputing: Epilepsy \& Parkinson's Treatments},
  note   = {\\ \url{https://www.youtube.com/watch?v=HOEAocq_U5o}
            \\ \url{https://www.youtube.com/watch?v=qx2dRIQXnbs}}
}

@Misc{YouTube_SC_08,
  author = {Impact of Supercomputing: Human-Induced Climate Change},
  note   = {\\ \url{https://www.youtube.com/watch?v=QABMJapCIXo}}
}

@Misc{YouTube_SC_09,
  author = {Impact of Supercomputing: Missing Plane},
  note   = {\\ \url{https://www.youtube.com/watch?v=CTUInP-7gfE}}
}

@Misc{YouTube_SC_10,
  author = {Impact of Supercomputing: PayPal},
  note   = {\\ \url{https://www.youtube.com/watch?v=rBLL1uyP3ic}}
}

@Misc{YouTube_SC_11,
  author = {Impact of Supercomputing: Storm Prediction},
  note   = {\\ \url{https://www.youtube.com/watch?v=dbFWX_2HIy4}}
}

@Misc{SC,
  note = {SC, The International Conference for High Performance Computing, Networking, Storage \& Analysis \\ \url{http://sc16.supercomputing.org}}
}

@Misc{ISC,
  note = {ISC, The Event for High Performance Computing, Networking \& Storage \\ \url{http://isc-hpc.com}}
}

@Misc{Top500,
  author = {Top500},
  note   = {\\ \url{https://top500.org}}
}

@Misc{Intel,
  author = {Intel Corporation},
  note   = {\\ \url{http://intel.com}}
}
