% 
% Copy this file as john.bib and then EDIT john.bib
% Student's bibliography
% Organize references in some meaningful manner

@Misc{sling,
  author = {},
  note = { \url{https://en.wikipedia.org/wiki/Gravity_assist#cite_note-1}}
}
@Misc{mom,
  author = {},
  note = {\url{https://en.wikipedia.org/wiki/Mars_Orbiter_Mission}}
}
@Misc{HPCC,
  author = {},
  note = { \url{https://en.wikipedia.org/wiki/HPCC}}
}

@Misc{Free,
  author = {},
  note = { \url{https://en.wikipedia.org/wiki/Free_return_trajectory}}
}

@Misc{TLI,
  author = {},
  note = {\url{https://en.wikipedia.org/wiki/Trans-lunar_injection}}
}
