% 
% Used in LaTeX assignment template
@Book{TikZPGF,
  author    = {General public},
  title     = {\TeX\!amples},
  year      = {2014},
  publisher = {\\ \url{http://www.texample.net/tikz/examples/}}
}

@Book{PlanetMath,
  author    = {Unknown author},
  title     = {The Planet Math},
  year      = {2009},
  publisher = {\\ \url{http://planetmath.org/encyclopedia/Sphere.html}}
}

@Book{MathMcMaster,
  author    = {Department of Mathematics and Statistics},
  title     = {McMaster University},
  year      = {2008},
  publisher = {\\ \url{http://www.math.mcmaster.ca/~spiro/teaching/hypersphere.pdf}}
}

@Book{GN2006,
  title     = {Computational Physics},
  author    = {N. Giordano and H. Nakanishi},
  year      = {2006},
  publisher = {Pearson Prentice Hall},
  address   = {Upper Saddle River, NJ, USA}
}

@Article{WC1953,
  author  = {J. D. Watson and F. H. C. Crick},
  title   = {Molecular structure of Nucleic Acids: 
            A structure for deoxyribose nucleic acid},
  journal = {Nature},
  year    = {1953},
  volume  = {171},
  pages   = {737}
}

@Article{EPR1935,
  author  = {A. Einstein and B. Podolsky and N. Rosen},
  title   = {Can Quantum-Mechanical Description of Physical 
            Reality Be Considered Complete?},
  journal = {Phys. Rev. B},
  year    = {1935},
  volume  = {47},
  pages   = {777}
}
